@article{bailey_2014,
  author = {Bailey, David H. and Borwein, Jonathan M. and López de Prado, Marcos and Zhu, Qiji Jim},
  month = {05},
  pages = {458},
  title = {Pseudo-Mathematics and Financial Charlatanism: The Effects of Backtest Overfitting on Out-of-Sample Performance},
  doi = {10.1090/noti1105},
  url = {http://www.ams.org/notices/201405/rnoti-p458.pdf},
  volume = {61},
  year = {2014},
  journal = {Notices of the American Mathematical Society}
}

@book{lee_2000,
  author = {Lee, Wai},
  month = {08},
  publisher = {John Wiley & Sons},
  title = {Theory and Methodology of Tactical Asset Allocation},
  year = {2000}
}

@article{lo_2002,
  author = {Lo, Andrew W.},
  month = {07},
  pages = {36-52},
  title = {The Statistics of Sharpe Ratios},
  doi = {10.2469/faj.v58.n4.2453},
  volume = {58},
  year = {2002},
  journal = {Financial Analysts Journal}
}

@article{liu_2012,
  author = {Liu, Ying and Rekkas, Marie and Wong, Augustine},
  pages = {1-24},
  title = {Inference for the Sharpe Ratio Using a Likelihood-Based Approach},
  doi = {10.1155/2012/878561},
  urldate = {2019-03-22},
  volume = {2012},
  year = {2012},
  journal = {Journal of Probability and Statistics}
}

@book{embrechts_1997,
  author = {Embrechts, Paul and Klüppelberg, Claudia and Mikosch, Thomas},
  publisher = {Springer},
  title = {Modelling extremal events for insurance and finance},
  year = {1997}
}

@book{resnick_2008,
  author = {Resnick, Sidney I},
  publisher = {Springer, Cop},
  title = {Extreme values, Regular Variation and Point Processes},
  year = {2008}
}

@article{bailey_2014,
  author = {Bailey, David H. and López de Prado, Marcos},
  month = {09},
  pages = {94-107},
  title = {The Deflated Sharpe Ratio:Correcting for Selection Bias, BacktestOverfitting, and Non-Normality},
  doi = {10.3905/jpm.2014.40.5.094},
  urldate = {2021-06-20},
  volume = {40},
  year = {2014},
  journal = {The Journal of Portfolio Management}
}

@article{bailey_2016,
  author = {Bailey, David and Borwein, Jonathan and López de Prado, Marcos and Zhu, Qiji Jim},
  month = {09},
  title = {The probability of backtest overfitting},
  doi = {10.21314/jcf.2016.322},
  urldate = {2021-01-07},
  year = {2016},
  journal = {The Journal of Computational Finance}
}

@book{fisher1928,
  title={Limiting forms of the frequency distribution of the largest or smallest member of a sample},
  author={Fisher, Ronald Aylmer and Tippett, Leonard Henry Caleb},
  booktitle={Mathematical proceedings of the Cambridge philosophical society},
  volume={24},
  number={2},
  pages={180--190},
  year={1928},
  organization={Cambridge University Press}
}

@book{gnedenko2006,
  title={On limit theorems for a random number of random variables},
  author={Gnedenko, BV},
  booktitle={Probability Theory and Mathematical Statistics: Proceedings of the Fourth USSR-Japan Symposium, held at Tbilisi, USSR, August 23--29, 1982},
  pages={167--176},
  year={2006},
  organization={Springer}
}

@misc{Tim_prep,
  author       = {Tim Gebbie},
  title        = {PortfolioTheory-PrepareData-000.R},
  year         = {2025},
  howpublished = {Unpublished teaching material},
  note         = {STA4028Z: Portfolio Theory, UCT}
}

@misc{Tim_BT,
  author       = {Tim Gebbie},
  title        = {PortfolioTheory-Backtest-001.R},
  year         = {2025},
  howpublished = {Unpublished teaching material},
  note         = {STA4028Z: Portfolio Theory, UCT}
}

@misc{Tim_prepmlx,
  author       = {Tim Gebbie},
  title        = {PortfolioTheoryLecture001.mlx},
  year         = {2025},
  howpublished = {Unpublished teaching material},
  note         = {STA4028Z: Portfolio Theory, UCT}
}

@misc{Tim_BTmlx,
  author       = {Tim Gebbie},
  title        = {PortfolioTheoryLecture003.pdf},
  year         = {2025},
  howpublished = {Unpublished teaching material},
  note         = {STA4028Z: Portfolio Theory, UCT}
}
